%%
%% This is file `smplbib.bib',
%% generated with the docstrip utility.
%%
%% The original source files were:
%%
%% cescg.dtx  (with options: `bib')
%% 
%% IMPORTANT NOTICE:
%% 
%% For the copyright see the source file.
%% 
%% Any modified versions of this file must be renamed
%% with new filenames distinct from smplbib.bib.
%% 
%% For distribution of the original source see the terms
%% for copying and modification in the file cescg.dtx.
%% 
%% This generated file may be distributed as long as the
%% original source files, as listed above, are part of the
%% same distribution. (The sources need not necessarily be
%% in the same archive or directory.)
@String{COPYRIGHT = {
%% Copyright (c) 1999, 2005
%%               Institute of Computer Graphics and Algorithms
%%               TU Vienna, Austria
%% Based on the LaTeX2e document class SCCG
%% Copyright (C) 1999 Pavel Chalmoviansky
%%                    Katedra geometrie
%%                    Faculty of Mathematics and Physics
%%                    Comenius University, Bratislava
%%                    chalmo@fmph.uniba.sk
%%
%% This file is distributed in the hope that it will be useful,
%% but WITHOUT ANY WARRANTY; without even the implied warranty of
%% MERCHANTABILITY or FITNESS FOR A PARTICULAR PURPOSE.
%%
}}
@String{CHARACTERTABLE = {
%% \CharacterTable
%%  {Upper-case    \A\B\C\D\E\F\G\H\I\J\K\L\M\N\O\P\Q\R\S\T\U\V\W\X\Y\Z
%%   Lower-case    \a\b\c\d\e\f\g\h\i\j\k\l\m\n\o\p\q\r\s\t\u\v\w\x\y\z
%%   Digits        \0\1\2\3\4\5\6\7\8\9
%%   Exclamation   \!     Double quote  \"     Hash (number) \#
%%   Dollar        \$     Percent       \%     Ampersand     \&
%%   Acute accent  \'     Left paren    \(     Right paren   \)
%%   Asterisk      \*     Plus          \+     Comma         \,
%%   Minus         \-     Point         \.     Solidus       \/
%%   Colon         \:     Semicolon     \;     Less than     \<
%%   Equals        \=     Greater than  \>     Question mark \?
%%   Commercial at \@     Left bracket  \[     Backslash     \\
%%   Right bracket \]     Circumflex    \^     Underscore    \_
%%   Grave accent  \`     Left brace    \{     Vertical bar  \|
%%   Right brace   \}     Tilde         \~}
%%
}}
@BOOK{Williams,
 author={Barry Williams},
 title={Money, Money, Money},
 publisher={Andrews and McMeel},
 address={Black City},
 year=1998,
}

@BOOK{Karabas,
 author={Barabas Karabas},
 title={How to Make Money out of Wood},
 publisher={Sprinter},
 year=1998,
}

\endinput
%%
%% End of file `smplbib.bib'.
