@inproceedings{Cherlin:2005:SMF:1090122.1090145,
 author = {Cherlin, Joseph Jacob and Samavati, Faramarz and Sousa, Mario Costa and Jorge, Joaquim A.},
 title = {Sketch-based modeling with few strokes},
 booktitle = {Proceedings of the 21st spring conference on Computer graphics},
 series = {SCCG '05},
 year = {2005},
 isbn = {1-59593-204-6},
 location = {Budmerice, Slovakia},
 pages = {137--145},
 numpages = {9},
 url = {http://doi.acm.org/10.1145/1090122.1090145},
 doi = {http://doi.acm.org/10.1145/1090122.1090145},
 acmid = {1090145},
 publisher = {ACM},
 address = {New York, NY, USA},
 keywords = {free-form surfaces, sketch-based interfaces/modeling},
} 

@article {CGF:CGF1129,
author = {Schmidt, Ryan and Singh, Karan},
title = {Sketch-Based Procedural Surface Modeling and Compositing Using Surface Trees},
journal = {Computer Graphics Forum},
volume = {27},
number = {2},
publisher = {Blackwell Publishing Ltd},
issn = {1467-8659},
url = {http://dx.doi.org/10.1111/j.1467-8659.2008.01129.x},
doi = {10.1111/j.1467-8659.2008.01129.x},
pages = {321--330},
keywords = {I.3.5 [Computer Graphics], Computational Geometry and Object Modeling},
year = {2008},
}

@book{farin2001curves,
  title={Curves and surfaces for CAGD: a practical guide},
  author={Farin, G.},
  year={2001},
  publisher={Morgan Kaufmann}
}

@inproceedings{shepard1968two,
  title={A two-dimensional interpolation function for irregularly-spaced data},
  author={Shepard, D.},
  booktitle={Proceedings of the 1968 23rd ACM national conference},
  pages={517--524},
  year={1968},
  organization={ACM}
}

@inproceedings{Boesch:2011:Online,
author = {Boesch, Florian},
title = {WebGL GPU Landscaping and Erosion},
booktitle = {http://codeflow.org/entries/2011/nov/10/webgl-gpu-landscaping-and-erosion/},
month = nov,
year = {2011},
url = {http://codeflow.org/entries/2011/nov/10/webgl-gpu-landscaping-and-erosion/}
}
