
@inproceedings{Cherlin:2005:SMF:1090122.1090145,
 author = {Cherlin, J.J. and Samavati, F. and Sousa, M.C. and Jorge, J.A.},
 title = {Sketch-based modeling with few strokes},
 booktitle = {Proceedings of the 21st spring conference on Computer graphics},
 series = {SCCG '05},
 year = {2005},
 isbn = {1-59593-204-6},
 location = {Budmerice, Slovakia},
 pages = {137--145},
 numpages = {9},
 url = {http://doi.acm.org/10.1145/1090122.1090145},
 doi = {http://doi.acm.org/10.1145/1090122.1090145},
 acmid = {1090145},
 publisher = {ACM},
 address = {New York, NY, USA},
 keywords = {free-form surfaces, sketch-based interfaces/modeling},
} 

@article {CGF:CGF1129,
author = {Schmidt, R. and Singh, K.},
title = {Sketch-Based Procedural Surface Modeling and Compositing Using Surface Trees},
journal = {Computer Graphics Forum},
volume = {27},
number = {2},
publisher = {Blackwell Publishing Ltd},
issn = {1467-8659},
url = {http://dx.doi.org/10.1111/j.1467-8659.2008.01129.x},
doi = {10.1111/j.1467-8659.2008.01129.x},
pages = {321--330},
keywords = {I.3.5 [Computer Graphics], Computational Geometry and Object Modeling},
year = {2008},
}

@inproceedings{parish2001procedural,
  title={Procedural modeling of cities},
  author={Parish, Y.I.H. and M{\"u}ller, P.},
  booktitle={Proceedings of the 28th annual conference on Computer graphics and interactive techniques},
  pages={301--308},
  year={2001},
  organization={ACM}
}

@inproceedings{patel2010seismic,
  title={Seismic volume visualization for horizon extraction},
  author={Patel, D. and Bruckner, S. and Viola, I. and Groller, EM},
  booktitle={Pacific Visualization Symposium (PacificVis), 2010 IEEE},
  pages={73--80},
  year={2010},
  organization={IEEE}
}


@article{patel2008seismic,
  title={The seismic analyzer: Interpreting and illustrating 2d seismic data},
  author={Patel, D. and Giertsen, C. and Thurmond, J. and Gjelberg, J. and Grller, E.},
  journal={Visualization and Computer Graphics, IEEE Transactions on},
  volume={14},
  number={6},
  pages={1571--1578},
  year={2008},
  publisher={IEEE}
}


@article{mallet1997discrete,
  title={Discrete modeling for natural objects},
  author={Mallet, J.L.},
  journal={Mathematical Geology},
  volume={29},
  number={2},
  pages={199--219},
  year={1997},
  publisher={Springer}
}


@article{mallet1992discrete,
  title={Discrete smooth interpolation in geometric modelling},
  author={Mallet, J.L.},
  journal={Computer-aided design},
  volume={24},
  number={4},
  pages={178--191},
  year={1992},
  publisher={Elsevier}
}


@book{muller2006procedural,
  title={Procedural modeling of buildings},
  author={M{\"u}ller, P. and Wonka, P. and Haegler, S. and Ulmer, A. and Van Gool, L.},
  volume={25},
  number={3},
  year={2006},
  publisher={ACM}
}


@book{farin2001curves,
  title={Curves and surfaces for CAGD: a practical guide},
  author={Farin, G.},
  year={2001},
  publisher={Morgan Kaufmann}
}

@book{fossen2008geologi,
  title={Geologi, Stein, mineraler, fossiler og olje },
  author={Fossen, H.},
  year={2008},
  publisher={Fagbokforlaget}
}

@inproceedings{shepard1968two,
  title={A two-dimensional interpolation function for irregularly-spaced data},
  author={Shepard, D.},
  booktitle={Proceedings of the 1968 23rd ACM national conference},
  pages={517--524},
  year={1968},
  organization={ACM}
}

@inproceedings{Boesch:2011:Online,
author = {Boesch, F.},
title = {WebGL GPU Landscaping and Erosion},
booktitle = {http://codeflow.org/entries/2011/nov/10/webgl-gpu-landscaping-and-erosion/},
month = nov,
year = {2011},
url = {http://codeflow.org/entries/2011/nov/10/webgl-gpu-landscaping-and-erosion/}
}

@inproceedings{autocad,
author = {Autodesk},
title = {Autodesk AutoCAD},
booktitle = {http://usa.autodesk.com/autocad/},
url = {http://usa.autodesk.com/autocad/}
}


@inproceedings{3dsmax,
author = {Autodesk},
title = {Autodesk 3ds Max},
booktitle = {http://usa.autodesk.com/3ds-max/},
url = {http://usa.autodesk.com/3ds-max/}
}

@article{mallet1992gocad,
  title={GOCAD: A computer aided design program for geological applications},
  author={Mallet, JL},
  journal={Three-dimensional modeling with geoscientific information systems},
  volume={354},
  pages={123--142},
  year={1992},
  publisher={NATO ASI}
}


@inproceedings{sketchup,
author = {Google},
title = {SketchUp},
booktitle = {http://www.sketchup.com/},
url = {http://www.sketchup.com/}
}

@inproceedings{Igarashi:1999:TSI:311535.311602,
 author = {Igarashi, T. and Matsuoka, S. and Tanaka, H.},
 title = {Teddy: a sketching interface for 3D freeform design},
 booktitle = {Proceedings of the 26th annual conference on Computer graphics and interactive techniques},
 series = {SIGGRAPH '99},
 year = {1999},
 isbn = {0-201-48560-5},
 pages = {409--416},
 numpages = {8},
 url = {http://dx.doi.org/10.1145/311535.311602},
 doi = {10.1145/311535.311602},
 acmid = {311602},
 publisher = {ACM Press/Addison-Wesley Publishing Co.},
 address = {New York, NY, USA},
 keywords = {3D modeling, chordal axes, design, gestures, inflation, pen-based systems, sketching},
} 

@article{neal1993sequence,
  title={Sequence Stratigraphyâ€”A Global Theory for Local Success},
  author={Neal, J. and Risch, D. and Vail, P.},
  journal={Oilfield review},
  number={2},
  pages={51--62},
  year={1993}
}


@inproceedings{zeleznik2007sketch,
  title={SKETCH: an interface for sketching 3D scenes},
  author={Zeleznik, R.C. and Herndon, K.P. and Hughes, J.F.},
  booktitle={ACM SIGGRAPH 2007 courses},
  pages={19},
  year={2007},
  organization={ACM}
}

@inproceedings{cohen2000harold,
  title={Harold: A world made of drawings},
  author={Cohen, J.M. and Hughes, J.F. and Zeleznik, R.C.},
  booktitle={Proceedings of the 1st international symposium on Non-photorealistic animation and rendering},
  pages={83--90},
  year={2000},
  organization={ACM}
}

@inproceedings{Watanabe:2004:SIT:1186415.1186500,
 author = {Watanabe, N. and Igarashi, T.},
 title = {A sketching interface for terrain modeling},
 booktitle = {ACM SIGGRAPH 2004 Posters},
 series = {SIGGRAPH '04},
 year = {2004},
 isbn = {1-58113-896-2},
 location = {Los Angeles, California},
 pages = {73--},
 url = {http://doi.acm.org/10.1145/1186415.1186500},
 doi = {10.1145/1186415.1186500},
 acmid = {1186500},
 publisher = {ACM},
 address = {New York, NY, USA},
} 

@inproceedings{Cockett:Online,
author = {Cockett, R.},
title = {Visible Geology},
booktitle = {http://app.visiblegeology.com/},
url = {http://app.visiblegeology.com/}
}

@book{moller2008real,
  title={Real-time rendering},
  author={M{\"o}ller, T. and Haines, E. and Hoffman, N.},
  year={2008},
  publisher={AK Peters Limited}
}


@article{jessell1981noddy,
  title={Noddy: an interactive map creation package},
  author={Jessell, M.W.},
  journal={Unpublished MSc Thesis, University of London},
  year={1981}
}

@inproceedings{vst2008interactive,
  title={Interactive terrain modeling using hydraulic erosion},
  author={{\v{S}}t'ava, O. and Bene{\v{s}}, B. and Brisbin, M. and K{\v{r}}iv{\'a}nek, J.},
  booktitle={Proceedings of the 2008 ACM SIGGRAPH/Eurographics Symposium on Computer Animation},
  pages={201--210},
  year={2008},
  organization={Eurographics Association}
}


@article{benevs2002visual,
  title={Visual simulation of hydraulic erosion},
  author={Bene{\v{s}}, B. and Forsbach, R.},
  journal={Journal of WSCG},
  volume={10},
  number={1},
  pages={79--86},
  year={2002}
}


@inproceedings{benes2001layered,
  title={Layered data representation for visual simulation of terrain erosion},
  author={Benes, B. and Forsbach, R.},
  booktitle={Computer Graphics, Spring Conference on, 2001.},
  pages={80--86},
  year={2001},
  organization={IEEE}
}


@inproceedings{tasse2012enhanced,
  title={Enhanced Texture-Based Terrain Synthesis on Graphics Hardware},
  author={Tasse, F.P. and Gain, J. and Marais, P.},
  booktitle={Computer Graphics Forum},
  year={2012},
  organization={Wiley Online Library}
}

@article{olsen2004realtime,
  title={Realtime procedural terrain generation},
  author={Olsen, J.},
  journal={Department of Mathematics And Computer Science (IMADA)},
  year={2004},
  publisher={sn}
}


@inproceedings{hnaidi2010feature,
  title={Feature based terrain generation using diffusion equation},
  author={Hnaidi, H. and Gu{\'e}rin, E. and Akkouche, S. and Peytavie, A. and Galin, E.},
  booktitle={Computer Graphics Forum},
  volume={29},
  number={7},
  pages={2179--2186},
  year={2010},
  organization={Wiley Online Library}
}


@inproceedings{de2009interactive,
  title={Interactive GPU-based procedural heightfield brushes},
  author={de Carpentier, G.J.P. and Bidarra, R.},
  booktitle={Proceedings of the 4th International Conference on Foundations of Digital Games},
  pages={55--62},
  year={2009},
  organization={ACM}
}


@inproceedings{peytavie2009arches,
  title={Arches: a framework for modeling complex terrains},
  author={Peytavie, A. and Galin, E. and Grosjean, J. and Merillou, S.},
  booktitle={Computer Graphics Forum},
  volume={28},
  number={2},
  pages={457--467},
  year={2009},
  organization={Wiley Online Library}
}


@inproceedings{peytavie2009procedural,
  title={Procedural generation of rock piles using aperiodic tiling},
  author={Peytavie, A. and Galin, E. and Grosjean, J. and Merillou, S.},
  booktitle={Computer Graphics Forum},
  volume={28},
  number={7},
  pages={1801--1809},
  year={2009},
  organization={Wiley Online Library}
}


@inproceedings{Gain:2009:TS:1507149.1507155,
 author = {Gain, J. and Marais, P. and Strasser, W.},
 title = {Terrain sketching},
 booktitle = {Proceedings of the 2009 symposium on Interactive 3D graphics and games},
 series = {I3D '09},
 year = {2009},
 isbn = {978-1-60558-429-4},
 location = {Boston, Massachusetts},
 pages = {31--38},
 numpages = {8},
 url = {http://doi.acm.org/10.1145/1507149.1507155},
 doi = {10.1145/1507149.1507155},
 acmid = {1507155},
 publisher = {ACM},
 address = {New York, NY, USA},
}

@inproceedings{lidal2012geological,
  title={Geological storytelling: graphically exploring and communicating geological sketches},
  author={Lidal, E.M. and Hauser, H. and Viola, I.},
  booktitle={Proceedings of the International Symposium on Sketch-Based Interfaces and Modeling},
  pages={11--20},
  year={2012},
  organization={Eurographics Association}
}


@article{natalirapid,
  title={Rapid Visualization of Geological Concepts},
  author={Natali, M. and Viola, I. and Patel, D.}
}

@article{petrel,
  title={Petrel seismic interpretation software. Schlumberger
Information Solutions (SIS)},
  author={Schlumberger}
}

@inproceedings{brazil2010sketching,
  title={Sketching variational hermite-rbf implicits},
  author={Brazil, E. and Macedo, I. and Sousa, M.C. and de Figueiredo, L.H. and Velho, L.},
  booktitle={Proceedings of the Seventh Sketch-Based Interfaces and Modeling Symposium},
  pages={1--8},
  year={2010},
  organization={Eurographics Association}
}

@inproceedings{amorim2012sketch,
  title={Sketch modeling of seismic horizons from uncertainty},
  author={Amorim, R. and Brazil, E.V. and Patel, D. and Sousa, M.C.},
  booktitle={Proceedings of the International Symposium on Sketch-Based Interfaces and Modeling},
  pages={1--10},
  year={2012},
  organization={Eurographics Association}
}

@inproceedings{applegate2011sketch,
  title={A sketch-based system for highway design},
  author={Applegate, C.S. and Laycock, S.D. and Day, A.M.},
  booktitle={Proceedings of the Eighth Eurographics Symposium on Sketch-Based Interfaces and Modeling},
  pages={55--62},
  year={2011},
  organization={ACM}
}


@inproceedings{natali2013modeling,
  title={Modeling Terrains and Subsurface Geology},
  author={Natali, M. and Lidal E.M. and Viola, I. and Patel, D.},
  booktitle={Eurographics 2012 (approved)},
  year={2013},
  organization={Eurographics Association}
}

@article{caumon2009surface,
  title={Surface-based 3D modeling of geological structures},
  author={Caumon, G. and Collon-Drouaillet, P. and Le Carlier de Veslud, C. and Viseur, S. and Sausse, J.},
  journal={Mathematical Geosciences},
  volume={41},
  number={8},
  pages={927--945},
  year={2009},
  publisher={Springer}
}


@article{turner2007review,
  title={A review of geological modeling},
  author={Turner, A.K. and Gable, C.W.},
  journal={Three-dimensional geologic mapping for groundwater applications. Minnesota Geological Survey Open-file Report},
  pages={07--4},
  year={2007}
}
@article{turner2006challenges,
  title={Challenges and trends for geological modelling and visualisation},
  author={Turner, A.K.},
  journal={Bulletin of Engineering Geology and the Environment},
  volume={65},
  number={2},
  pages={109--127},
  year={2006},
  publisher={Springer}
}

@book{spencer2008zbrush,
  title={ZBrush Character Creation: Advanced Digital Sculpting},
  author={Spencer, S.},
  year={2008},
  publisher={Sybex}
}


@book{turner1992three,
  title={Three-dimensional modeling with geoscientific information systems},
  author={Turner, A.K.},
  volume={354},
  year={1992},
  publisher={Springer}
}

@book{kelk1992experiments,
  title={Experiments with a CAD system for spatial modelling of geoscientific data},
  author={Kelk, B. and Challen, K.},
  year={1992}
}



http://app.visiblegeology.com/
